<record><leader>00000cas a2200000 a 4500</leader><controlfield tag="001">4605616</controlfield><controlfield tag="008">790131d18811948nmuwn ne      0   a0eng c</controlfield><datafield ind1=" " ind2=" " tag="010"><subfield code="a">sn 83004264 </subfield></datafield><datafield ind1=" " ind2=" " tag="040"><subfield code="a">UCU</subfield><subfield code="b">eng</subfield><subfield code="c">UCU</subfield><subfield code="d">NSD</subfield><subfield code="d">NPT</subfield><subfield code="d">PPM</subfield><subfield code="d">NST</subfield><subfield code="d">NVM</subfield><subfield code="d">NSD</subfield><subfield code="d">DLC</subfield><subfield code="d">NVM</subfield><subfield code="d">CNK</subfield><subfield code="d">NVM</subfield><subfield code="d">DLC</subfield><subfield code="d">OCLCQ</subfield><subfield code="d">DLC</subfield><subfield code="d">OCLCQ</subfield><subfield code="d">OCLCF</subfield><subfield code="d">DLC</subfield></datafield><datafield ind1=" " ind2=" " tag="012"><subfield code="l">a</subfield></datafield><datafield ind1="0" ind2=" " tag="022"><subfield code="a">2165-9222</subfield><subfield code="2">1</subfield></datafield><datafield ind1=" " ind2=" " tag="042"><subfield code="a">pcc</subfield><subfield code="a">nsdp</subfield></datafield><datafield ind1=" " ind2=" " tag="043"><subfield code="a">n-us-nm</subfield></datafield><datafield ind1="0" ind2="0" tag="050"><subfield code="a">Newspaper</subfield></datafield><datafield ind1="1" ind2="0" tag="082"><subfield code="a">071</subfield><subfield code="2">14</subfield></datafield><datafield ind1="0" ind2=" " tag="130"><subfield code="a">Deming headlight (Deming, N.M. : 1881)</subfield></datafield><datafield ind1=" " ind2="0" tag="222"><subfield code="a">Deming headlight (Deming, N.M. 1881)</subfield></datafield><datafield ind1="1" ind2="0" tag="245"><subfield code="a">Deming headlight.</subfield></datafield><datafield ind1=" " ind2=" " tag="260"><subfield code="a">Deming, N.M. :</subfield><subfield code="b">J.E. Curren</subfield></datafield><datafield ind1=" " ind2=" " tag="300"><subfield code="a">v.</subfield></datafield><datafield ind1=" " ind2=" " tag="310"><subfield code="a">Weekly,</subfield><subfield code="b">May 1895-Dec. 1948</subfield></datafield><datafield ind1=" " ind2=" " tag="321"><subfield code="a">Weekly,</subfield><subfield code="b">&lt;June 1881&gt;-Apr. 14, 1894</subfield></datafield><datafield ind1=" " ind2=" " tag="321"><subfield code="a">Semiweekly,</subfield><subfield code="b">Apr. 18, 1894-Apr. 30, 1895</subfield></datafield><datafield ind1="1" ind2=" " tag="362"><subfield code="a">Began in June 1881.</subfield></datafield><datafield ind1="0" ind2=" " tag="362"><subfield code="a">-v. 67, no. 11 (Dec. 31, 1948).</subfield></datafield><datafield ind1=" " ind2=" " tag="500"><subfield code="a">Microfilm published by BMI Imaging Systems; issued in series: Chicano serials collection.</subfield></datafield><datafield ind1=" " ind2=" " tag="530"><subfield code="a">Also on microfilm: El Paso, Tex. : Southwest Micropublishing, Inc.</subfield></datafield><datafield ind1=" " ind2=" " tag="530"><subfield code="a">Archived issues are available in digital format as part of the Library of Congress Chronicling America online collection.</subfield></datafield><datafield ind1=" " ind2=" " tag="588"><subfield code="a">Description based on: Vol. 1, no. 39 (Mar. 18, 1882).</subfield></datafield><datafield ind1=" " ind2="0" tag="651"><subfield code="a">Deming (N.M.)</subfield><subfield code="v">Newspapers.</subfield></datafield><datafield ind1=" " ind2="0" tag="651"><subfield code="a">Luna County (N.M.)</subfield><subfield code="v">Newspapers.</subfield></datafield><datafield ind1=" " ind2="7" tag="651"><subfield code="a">New Mexico</subfield><subfield code="z">Deming.</subfield><subfield code="2">fast</subfield><subfield code="0">(OCoLC)fst01223379</subfield></datafield><datafield ind1=" " ind2="7" tag="651"><subfield code="a">New Mexico</subfield><subfield code="z">Luna County.</subfield><subfield code="2">fast</subfield><subfield code="0">(OCoLC)fst01213114</subfield></datafield><datafield ind1=" " ind2="7" tag="655"><subfield code="a">Newspapers.</subfield><subfield code="2">fast</subfield><subfield code="0">(OCoLC)fst01423814</subfield></datafield><datafield ind1=" " ind2=" " tag="752"><subfield code="a">United States</subfield><subfield code="b">New Mexico</subfield><subfield code="c">Luna</subfield><subfield code="d">Deming.</subfield></datafield><datafield ind1="0" ind2=" " tag="775"><subfield code="t">Deming daily headlight</subfield><subfield code="w">(DLC)sn 94057025</subfield><subfield code="w">(OCoLC)30329909</subfield></datafield><datafield ind1="0" ind2="7" tag="785"><subfield code="t">Deming graphic</subfield><subfield code="w">(DLC)sn 86063579</subfield><subfield code="w">(OCoLC)13420211</subfield></datafield><datafield ind1="0" ind2="7" tag="785"><subfield code="t">Deming graphic and the Deming headlight</subfield><subfield code="w">(DLC)sn 92072352</subfield><subfield code="w">(OCoLC)26252896</subfield></datafield><datafield ind1=" " ind2=" " tag="850"><subfield code="a">NmU</subfield></datafield><datafield ind1="4" ind2="1" tag="856"><subfield code="u">http://www.loc.gov/chroniclingamerica/lccn/sn83004264/issues</subfield></datafield><datafield ind1="1" ind2=" " tag="029"><subfield code="a">AU@</subfield><subfield code="b">000040927088</subfield></datafield></record>